@incollection{bratuKorporativeUndKooperative2017,
  title = {{Korporative und kooperative Verantwortung}},
  booktitle = {{Handbuch Verantwortung}},
  author = {Bratu, Christine},
  editor = {Heidbrink, Ludger and Langbehn, Claus and Loh, Janina},
  year = {2017},
  series = {{Springer Reference Sozialwissenschaften}},
  pages = {477--499},
  publisher = {{Springer Fachmedien}},
  address = {{Wiesbaden}},
  doi = {10.1007/978-3-658-06110-4_24},
  urldate = {2022-09-21},
  abstract = {In diesem Artikel diskutiere ich kollektivistische und individualistische Theorien korporativer und kooperativer Verantwortung. Dabei stelle ich in (1) die spezifischen Herausforderungen vor, mit welchen kollektivistische bzw. individualistische Theorien konfrontiert sind. In (2) f\"uhre ich kollektivistische und individualistische Theorien gemeinsamen Handelns auf, da diese die handlungstheoretischen Grundlagen f\"ur jede Theorie korporativer und kooperativer Verantwortung darstellen. Im Anschluss daran diskutiere ich in (3), ob man einem engen Verantwortungsbegriff anh\"angen sollte, der Verantwortung an Verursachung zur\"uckbindet, oder ob ein weiter Verantwortungsbegriff plausibler ist, durch den auch zuk\"unftige Handlungen und Ereignisse Gegenstand von Verantwortungszuschreibungen werden k\"onnen. In (4) stelle ich kollektivistische und individualistische Theorien korporativer und kooperativer Verantwortung einander gegen\"uber. Wie sich diese mit Blick auf ihre in (1) aufgef\"uhrten spezifischen Herausforderungen schlagen, evaluiere ich abschlie\ss end in (5).},
  isbn = {978-3-658-06110-4},
  langid = {ngerman},
  keywords = {Gemeinsames Handeln,Kooperative Verantwortung,Korporative Verantwortung,Verantwortung als Haftung vs. Verantwortung als Sorge},
  file = {C:\Users\Jan Voßwinkel\Zotero\storage\BJIS9KK7\Bratu - 2017 - Korporative und kooperative Verantwortung.pdf}
}

@incollection{braunKlimaverantwortung2017,
  title = {{Klimaverantwortung}},
  booktitle = {{Handbuch Verantwortung}},
  author = {Braun, Florian and Baatz, Christian},
  editor = {Heidbrink, Ludger and Langbehn, Claus and Loh, Janina},
  year = {2017},
  series = {{Springer Reference Sozialwissenschaften}},
  pages = {855--886},
  publisher = {{Springer Fachmedien}},
  address = {{Wiesbaden}},
  doi = {10.1007/978-3-658-06110-4_41},
  urldate = {2022-09-21},
  abstract = {Innerhalb der Klimawissenschaften gilt es als unstrittig, dass der Klimawandel erhebliche Auswirkungen auf soziale und nat\"urliche Systeme hat und diese in Zukunft massiv zunehmen werden. Diese faktischen wie prognostischen Aussagen erlauben jedoch noch keine begr\"undete Zuschreibung und \"Ubernahme von Verantwortung f\"ur die Ursachen und Folgen des Klimawandels. Um moralische Klimaverantwortung herausstellen zu k\"onnen, wird im Text die spezifische Struktur der Klimaverantwortung aus einer umweltethischen Perspektive rekonstruiert. Im Fokus steht die Explikation der relationslogischen, technischen und normativen Bedingungen, in deren Rahmen eine Verantwortungszuschreibung hinsichtlich des Klimawandels begr\"undet werden kann.},
  isbn = {978-3-658-06110-4},
  langid = {ngerman},
  keywords = {Kausalit\"at,Klimaethik,Klimawandel,Mitigation,Umweltethik,Verantwortung},
  file = {C:\Users\Jan Voßwinkel\Zotero\storage\LAAR8XMJ\Braun und Baatz - 2017 - Klimaverantwortung.pdf}
}

@book{Brennan16,
  title = {Against Democracy},
  author = {Brennan, Jason},
  year = {2016},
  publisher = {{Princeton}},
  owner = {jan.vosswinkel},
  timestamp = {2017.10.04}
}

@book{breyerOekonomieSozialstaats2021,
  title = {{\"Okonomie des Sozialstaats}},
  author = {Breyer, Friedrich and Buchholz, Wolfgang},
  year = {2021},
  publisher = {{Springer Fachmedien}},
  address = {{Wiesbaden}},
  doi = {10.1007/978-3-658-33369-0},
  urldate = {2022-09-23},
  isbn = {978-3-658-33368-3 978-3-658-33369-0},
  langid = {ngerman},
  keywords = {Arbeitslosigkeit,Krankenversicherung,Marktversagen,\"Okonomie,Sozialpolitik,Sozialprodukt,Sozialstaat,Sozialversicherung,Umverteilung,Versicherungsm\"arkte},
  file = {C:\Users\Jan Voßwinkel\Zotero\storage\MH6LEHKG\Breyer und Buchholz - 2021 - Ökonomie des Sozialstaats.pdf}
}

@book{conradWirtschaftsethik2016,
  title = {{Wirtschaftsethik}},
  author = {Conrad, Christian A.},
  year = {2016},
  publisher = {{Springer Fachmedien}},
  address = {{Wiesbaden}},
  doi = {10.1007/978-3-658-12403-8},
  urldate = {2022-09-23},
  isbn = {978-3-658-12402-1 978-3-658-12403-8},
  langid = {ngerman},
  keywords = {Individualismus,Kollektivismus,Marktversagen,Ordnungspolitik,Organisationsethik,Wirtschaftswissenschaften},
  file = {C:\Users\Jan Voßwinkel\Zotero\storage\J5EA8GH5\Conrad - 2016 - Wirtschaftsethik.pdf}
}

@article{duclosHorizontalVerticalEquity2018,
  title = {Horizontal and Vertical Equity},
  author = {Duclos, Jean-Yves},
  year = {2018},
  journal = {The New Palgrave Dictionary of Economics},
  pages = {5923--5928},
  publisher = {{Palgrave Macmillan Basingstoke UK}}
}

@article{ensteGerechtigkeitImInternationalen2014,
  title = {{Gerechtigkeit im internationalen Vergleich}},
  author = {Enste, Dominik H. and Wies, Jana},
  year = {2014},
  journal = {Wirtschaftsdienst},
  volume = {2014},
  number = {2},
  pages = {148--150},
  urldate = {2022-09-24},
  abstract = {In vielen L\"andern steht das Thema Gerechtigkeit ganz oben auf der politischen und gesellschaftlichen Agenda. Vielfach glauben die Menschen, dass die soziale Gerechtigkeit in den letzten Jahren abgenommen habe. Unklar bleibt dabei, was unter Gerechtigkeit verstanden wird und was der Vergleichsma\ss stab ist.},
  langid = {ngerman},
  file = {C\:\\Users\\Jan Voßwinkel\\Zotero\\storage\\N6AJCWET\\Enste und Wies - 2014 - Gerechtigkeit im internationalen Vergleich.pdf;C\:\\Users\\Jan Voßwinkel\\Zotero\\storage\\2CWDU22A\\gerechtigkeit-im-internationalen-vergleich.html}
}

@incollection{gerhardtIndividuelleVerantwortung2017,
  title = {{Individuelle Verantwortung}},
  booktitle = {{Handbuch Verantwortung}},
  author = {Gerhardt, Volker},
  editor = {Heidbrink, Ludger and Langbehn, Claus and Loh, Janina},
  year = {2017},
  series = {{Springer Reference Sozialwissenschaften}},
  pages = {431--451},
  publisher = {{Springer Fachmedien}},
  address = {{Wiesbaden}},
  doi = {10.1007/978-3-658-06110-4_23},
  urldate = {2022-09-21},
  abstract = {Nach einer einleitenden Erl\"auterung zum systematischen Vorrang der individuellen Verantwortung wird an die Entstehung des Begriffs aus der selbstbewussten Stellung des Menschen vor Gott erinnert. Darauf folgt der Hinweis auf den Einfluss der wachsenden Bedeutung b\"urgerlicher Gerichtsbarkeit als zweiter gro\ss er Einflussgr\"o\ss e. Nach Hinweisen auf die erste Verwendung des Begriffs bei Leibniz und im Denken der Aufkl\"arung wird die Vorkl\"arung, die in den Freiheitstheorien von Kant bis Hegel erfolgt, \"ubersprungen. Die Darstellung des philosophischen Wortgebrauchs setzt mit Nietzsche ein und ist dann auf wichtige Stationen der Begriffsverwendung im 20. Jahrhundert konzentriert.},
  isbn = {978-3-658-06110-4},
  langid = {ngerman},
  keywords = {Freiheit,Gott,Individuelle vs. kollektive Verantwortung,Menschheit,Person,Zukunft,Zurechenbarkeit},
  file = {C:\Users\Jan Voßwinkel\Zotero\storage\2MSB3UMC\Gerhardt - 2017 - Individuelle Verantwortung.pdf}
}

@incollection{hahnGlobaleVerantwortung2017,
  title = {{Globale Verantwortung}},
  booktitle = {{Handbuch Verantwortung}},
  author = {Hahn, Henning},
  editor = {Heidbrink, Ludger and Langbehn, Claus and Loh, Janina},
  year = {2017},
  series = {{Springer Reference Sozialwissenschaften}},
  pages = {525--542},
  publisher = {{Springer Fachmedien}},
  address = {{Wiesbaden}},
  doi = {10.1007/978-3-658-06110-4_27},
  urldate = {2022-09-21},
  abstract = {Die Fragen, was globale Gerechtigkeit ist und wer die Verantwortung daf\"ur tr\"agt, sind begrifflich nicht voneinander zu trennen. Deswegen l\"asst sich die Debatte \"uber globale Gerechtigkeit als eine Debatte \"uber den Skopus und die Zurechnungsgr\"unde von Verantwortung rekonstruieren. Auf den ersten Blick schreiben Kosmopolitisten globale Verantwortung aufgrund der F\"ahigkeit zu, Missst\"ande zu beseitigen (Peter Singer), w\"ahrend Partikularisten den Skopus der Verantwortung auf besondere Beziehungen beschr\"anken, die es nur in Nationalstaaten gibt (David Miller). Auf den zweiten Blick stellt sich die Diskussion aber komplizierter dar. Globale Verantwortung l\"asst sich n\"amlich auch als Problem der Haftbarkeit f\"ur die Einrichtung und Aufrechterhaltung einer ungerechten Weltordnung (Thomas W. Pogge) oder als eine Frage assoziativer Verantwortung f\"ur geteilte Gesellschaftsstrukturen (Iris M. Young) begreifen. Im Durchgang durch ausgew\"ahlte Positionen wird deutlich, dass es eine Pluralit\"at von Gr\"unden zur Zurechnung globaler Verantwortlichkeiten gibt. Wir leben in einer globalen Verantwortungsgesellschaft und k\"onnen uns unserer weltb\"urgerlichen Verantwortung auch dann nicht entziehen, wenn sie mit unserer pers\"onlichen Freiheit und unseren partikularen Pflichten widerstreitet.},
  isbn = {978-3-658-06110-4},
  langid = {ngerman},
  keywords = {David Miller,Globale Gerechtigkeit,Iris M. Young,Kosmopolitismus,Partikularismus,Peter Singer,Politische Verantwortung,Thomas W. Pogge,Zurechnungsgr\"unde},
  file = {C:\Users\Jan Voßwinkel\Zotero\storage\2IQ4T4RH\Hahn - 2017 - Globale Verantwortung.pdf}
}

@incollection{heidbrinkDefinitionenUndVoraussetzungen2017,
  title = {{Definitionen und Voraussetzungen der Verantwortung}},
  booktitle = {{Handbuch Verantwortung}},
  author = {Heidbrink, Ludger},
  editor = {Heidbrink, Ludger and Langbehn, Claus and Loh, Janina},
  year = {2017},
  series = {{Springer Reference Sozialwissenschaften}},
  pages = {3--33},
  publisher = {{Springer Fachmedien}},
  address = {{Wiesbaden}},
  doi = {10.1007/978-3-658-06110-4_1},
  urldate = {2022-09-21},
  abstract = {Der Begriff der Verantwortung ist alles andere als selbstverst\"andlich. Definitionen und Voraussetzungen haben einen wesentlichen Einfluss auf das Verst\"andnis und den Gebrauch des Verantwortungsbegriffs. In diesem Artikel geht es um die Frage, wie sich Verantwortung definieren l\"asst und auf welchen Voraussetzungen die Zurechnung und \"Ubernahme von Verantwortung beruhen. Mit Blick auf individuelle, kollektive und systemische Handlungsprozesse werden insgesamt vier Definitionen von Verantwortung behandelt: Verantwortung als Zurechnungsf\"ahigkeit und Zust\"andigkeit, als folgenbasierte Legitimation, als kontextualistisches Reflexionsprinzip sowie als Struktur- und Steuerungselement. Abschlie\ss end werden die konditionalen und generischen Voraussetzungen der Verantwortung thematisiert.},
  isbn = {978-3-658-06110-4},
  langid = {ngerman},
  keywords = {Folgenbasierte Verantwortung,Metaverantwortung,Struktur- und Systemverantwortung,Verantwortungsbedingungen und Verantwortungskompetenzen,Zurechnungsverantwortung,Zust\"andigkeitsverantwortung},
  file = {C:\Users\Jan Voßwinkel\Zotero\storage\2225QE2F\Heidbrink - 2017 - Definitionen und Voraussetzungen der Verantwortung.pdf}
}

@book{holzmannWirtschaftsethik2019,
  title = {Wirtschaftsethik},
  author = {Holzmann, Robert},
  year = {2019},
  series = {Studienwissen Kompakt},
  publisher = {{Springer Fachmedien}},
  address = {{Wiesbaden}},
  doi = {10.1007/978-3-658-23460-7},
  urldate = {2022-09-23},
  isbn = {978-3-658-23459-1 978-3-658-23460-7},
  keywords = {Behavioral Economics,Buch Wirtschaftsethik,Corporate Social Responsibility,Ethical Business,Gesellschaftliche Verantwortung,Moral,Moraltheorie,Soziale Verantwortung,Unternehmensethik,Verhaltens\"okonomie,Verhaltens\"okonomik},
  file = {C:\Users\Jan Voßwinkel\Zotero\storage\EF5TBCAG\Holzmann - 2019 - Wirtschaftsethik.pdf}
}

@incollection{isaacsKollektiveVerantwortung2017,
  title = {{Kollektive Verantwortung}},
  booktitle = {{Handbuch Verantwortung}},
  author = {Isaacs, Tracy},
  editor = {Heidbrink, Ludger and Langbehn, Claus and Loh, Janina},
  year = {2017},
  series = {{Springer Reference Sozialwissenschaften}},
  pages = {453--475},
  publisher = {{Springer Fachmedien}},
  address = {{Wiesbaden}},
  doi = {10.1007/978-3-658-06110-4_25},
  urldate = {2022-09-21},
  abstract = {Was ist kollektive Verantwortung? Dieser Beitrag betrachtet moralische Verantwortung als die L\"oblichkeit oder Schuldigkeit von Akteuren in Bezug auf ihre Handlungen. Das Hauptziel besteht in der Identifikation dreier zentraler Positionen zur kollektiven moralischen Verantwortung. Die erste versteht kollektive Verantwortung als die Verantwortung kollektiver Akteure wie etwa Unternehmen, Regierungen oder eher lose strukturierter Kollektive, deren Angeh\"orige sich zur Erreichung eines gemeinsamen Ziels zusammentun. Die zweite Position ist st\"arker individualistisch angelegt und behauptet, dass kollektive Verantwortung am ehesten als die Verantwortung einzelner menschlicher Akteure zu verstehen ist, es aber in F\"allen kollektiver Verantwortung ein irreduzibles kollektives Moment wie etwa eine partizipatorische Absicht oder eine mitwirkende Handlung gibt. Die dritte Position nimmt der kollektiven Verantwortung gegen\"uber einen eliminatorischen Standpunkt ein, indem sie behauptet, dass es sie gar nicht gibt. Im Anschluss an die Skizzierung dieser drei zentralen Ansichten zur kollektiven Verantwortung diskutiert dieser Beitrag kurz einige Einw\"ande gegen die kollektive Verantwortung und gibt einen knappen \"Uberblick dar\"uber, wie diese in F\"allen von unternehmerischer und staatlicher Verantwortung f\"ur internationale Verbrechen und von Wiedergutmachungen f\"ur historische Ungerechtigkeiten zur Anwendung kommt. Abschlie\ss end betrachtet dieser Beitrag den Begriff der ,,zukunftsorientierten kollektiven Verantwortung``, das hei\ss t der kollektiven Verpflichtung.},
  isbn = {978-3-658-06110-4},
  langid = {ngerman},
  keywords = {Kollektive Verantwortung,Kollektive Verpflichtung,Kollektives Handeln,Unternehmensverantwortung,Verantwortung},
  file = {C:\Users\Jan Voßwinkel\Zotero\storage\TRCRDTNK\Isaacs - 2017 - Kollektive Verantwortung.pdf}
}

@incollection{koehneOekonomischeVerantwortung2017,
  title = {{\"Okonomische Verantwortung}},
  booktitle = {{Handbuch Verantwortung}},
  author = {K{\"o}hne, Ralf},
  editor = {Heidbrink, Ludger and Langbehn, Claus and Loh, Janina},
  year = {2017},
  series = {{Springer Reference Sozialwissenschaften}},
  pages = {607--623},
  publisher = {{Springer Fachmedien}},
  address = {{Wiesbaden}},
  doi = {10.1007/978-3-658-06110-4_31},
  urldate = {2022-09-21},
  abstract = {Der Beitrag geht verschiedenen Verst\"andnissen des Begriffs \"okonomischer Verantwortung im Verh\"altnis zur gesellschaftlichen Verantwortung von Unternehmen bzw. der \"Okonomie nach: Zun\"achst wird die Gleichsetzung von gesellschaftlicher mit \"okonomischer Verantwortung als Profitmaximierung thematisiert. Sodann wird \"okonomische Verantwortung als eine so notwendige wie selbstverst\"andliche Voraussetzung von gesellschaftlicher Verantwortung verstanden. Abschlie\ss end wird das zu Grunde liegende Verh\"altnis von \"Okonomie und Verantwortung problematisiert.},
  isbn = {978-3-658-06110-4},
  langid = {ngerman},
  keywords = {Corporate Social Responsibility (CSR),Gesellschaftliche Verantwortung,\"Okonomische Verantwortung,Systemverantwortung,Verantwortungszuschreibung},
  file = {C:\Users\Jan Voßwinkel\Zotero\storage\JSMFCLV9\Köhne - 2017 - Ökonomische Verantwortung.pdf}
}

@article{lenmanCompatibilismContractualismPossibility2006,
  title = {Compatibilism and {{Contractualism}}: {{The Possibility}} of {{Moral Responsibility}}},
  shorttitle = {Compatibilism and {{Contractualism}}},
  author = {Lenman, James},
  year = {2006},
  month = oct,
  journal = {Ethics},
  volume = {117},
  number = {1},
  pages = {7--31},
  publisher = {{The University of Chicago Press}},
  issn = {0014-1704},
  doi = {10.1086/508035},
  urldate = {2022-09-26},
  file = {C:\Users\Jan Voßwinkel\Zotero\storage\A3ZHFZPS\Lenman - 2006 - Compatibilism and Contractualism The Possibility .pdf}
}

@incollection{lichtenbergVerantwortungFuerGlobale2017,
  title = {{Verantwortung f\"ur globale Armut}},
  booktitle = {{Handbuch Verantwortung}},
  author = {Lichtenberg, Judith},
  editor = {Heidbrink, Ludger and Langbehn, Claus and Loh, Janina},
  year = {2017},
  series = {{Springer Reference Sozialwissenschaften}},
  pages = {831--853},
  publisher = {{Springer Fachmedien}},
  address = {{Wiesbaden}},
  doi = {10.1007/978-3-658-06110-4_40},
  urldate = {2022-09-21},
  abstract = {Dieser Artikel verfolgt zwei Absichten. Die erste besteht darin, verschiedene Quellen moralischer Verantwortung f\"ur den Kampf gegen weltweite Armut oder deren Linderung zu beschreiben, d.\,h. die m\"oglichen Gr\"unde darzulegen, warum Akteure eine solche Verantwortung tragen. Bei der zweiten Absicht handelt es sich darum, herauszufinden, welche Art von Akteur eine jeweilige Verantwortung tr\"agt, vor allem, ob es kollektive Akteure wie Staaten, Gesellschaften und Unternehmen oder individuelle Personen sind. Es ist oft die Rede von unserer Verantwortung gegen\"uber den \"armsten Menschen der Welt oder davon, was wir ihnen schulden. Die Frage ist daher, wer dieses Wir ist. Ich werde im Folgenden darlegen, dass die Antwort darauf von der Quelle der Verantwortung abh\"angt. Manche Formen der Verantwortung geh\"oren in erster Hinsicht Kollektiven an, obwohl sie auch eine Verantwortung von Individuen innerhalb des Kollektivs sein kann. Andere Formen der Verantwortung kommen in erster Linie Individuen zu, k\"onnen jedoch, wie ich zeigen werde, zu Kollektiven, denen Individuen angeh\"oren, ,,aufsteigen``.},
  isbn = {978-3-658-06110-4},
  langid = {ngerman},
  keywords = {Armut,Ausbeutung,Sch\"adigung,Urs\"achlichkeit,Verantwortung},
  file = {C:\Users\Jan Voßwinkel\Zotero\storage\KRCDP2G8\Lichtenberg - 2017 - Verantwortung für globale Armut.pdf}
}

@incollection{lohStrukturenUndRelata2017,
  title = {{Strukturen und Relata der Verantwortung}},
  booktitle = {{Handbuch Verantwortung}},
  author = {Loh, Janina},
  editor = {Heidbrink, Ludger and Langbehn, Claus and Loh, Janina},
  year = {2017},
  series = {{Springer Reference Sozialwissenschaften}},
  pages = {35--56},
  publisher = {{Springer Fachmedien}},
  address = {{Wiesbaden}},
  doi = {10.1007/978-3-658-06110-4_2},
  urldate = {2022-10-17},
  abstract = {Dass die Verantwortung ein relationales Konzept darstellt, ist bekannt und kann mittlerweile sicherlich zum etablierten Kern des Verantwortungsdiskurses und der Verantwortungsforschung gerechnet werden. Doch um welche Relata es sich dabei konkret handelt und in welcher Weise sie strukturell miteinander verkn\"upft sind, h\"angt von der jeweils zugrunde liegenden Definition des Verantwortungsbegriffs ab. Diese jedoch wird nicht immer, wenn von Verantwortung die Rede ist, explizit genannt, sondern liegt dem Gesagten zumeist nur implizit zugrunde. Daher variieren die Relationselemente der Verantwortung in Anzahl, Art und Status zum Teil betr\"achtlich. Im Folgenden nehme ich die innerhalb des Verantwortungsdiskurses bekanntesten Anw\"arter\_innen auf Relata in den Blick und untersuche ihre strukturellen Verkn\"upfungen innerhalb des Verantwortungskonzepts.},
  isbn = {978-3-658-06110-4},
  langid = {ngerman},
  keywords = {Adressat,Gegenstand,Instanz,Normative Kriterien,Objekt,Relationselemente,Struktur,Subjekt,Subkategorien,Tr\"ager},
  file = {C:\Users\Jan Voßwinkel\Zotero\storage\PDHRELBW\Loh - 2017 - Strukturen und Relata der Verantwortung.pdf}
}

@book{macmillanpublishersltdNewPalgraveDictionary2018,
  title = {The {{New Palgrave Dictionary}} of {{Economics}}},
  editor = {{Macmillan Publishers Ltd}},
  year = {2018},
  publisher = {{Palgrave Macmillan UK}},
  address = {{London}},
  doi = {10.1057/978-1-349-95189-5},
  urldate = {2022-11-17},
  isbn = {978-1-349-95188-8 978-1-349-95189-5},
  langid = {english},
  file = {C:\Users\Jan Voßwinkel\Zotero\storage\96DUKT8E\Macmillan Publishers Ltd - 2018 - The New Palgrave Dictionary of Economics.pdf}
}

@article{mueller-saloGerechtigkeitUndEffizienz2021,
  title = {{Gerechtigkeit und Effizienz in der Klimapolitik}},
  author = {{M{\"u}ller-Salo}, Johannes and Pritzl, Rupert},
  year = {2021},
  journal = {Wirtschaftsdienst},
  volume = {2021},
  number = {12},
  pages = {971--976},
  urldate = {2023-11-06},
  abstract = {Die Klimapolitik sollte den Anforderungen der Gerechtigkeit ebenso wie denen der Effizienz gen\"ugen. Dabei sind die zum Einsatz kommenden Instrumente von zentralem Interesse. Jedoch werden meist lediglich die ambitionierten Klimaziele benannt. Vielmehr ist eine offene klimapolitische Diskussion bez\"uglich innovativer Wege, der zum Einsatz kommenden Instrumente sowie der entstehenden Kosten notwendig. Hierdurch wird auch die gesellschaftliche Akzeptanz gef\"ordert. Zudem ist der Klimawandel ein weltweites Ph\"anomen, weshalb der Klimaschutz nur durch internationale Kooperationen gelingen kann.},
  langid = {ngerman}
}

@article{negruConceptResponsibilityEconomics2022,
  title = {Towards a Concept of Responsibility for Economics},
  author = {Negru, Ioana and Dolfsma, Wilfred},
  year = {2022},
  month = sep,
  journal = {New Political Economy},
  volume = {27},
  number = {5},
  pages = {895--905},
  publisher = {{Routledge}},
  issn = {1356-3467},
  doi = {10.1080/13563467.2022.2038116},
  urldate = {2022-09-23},
  abstract = {Actors, including economists, carry a responsibility for their actions and the consequences thereof seems obvious. In economics and among large numbers of economists this notion that economists should be responsible for their actions and the consequences thereof is not shared widely, as the financial crisis of 2007\textendash 8 and its aftermath indicated. We address related issues: economics has not really allowed conceptual space for the concept of responsibility. Responsibility, as commonly understood, is a duty or obligation of one particular individual towards others, such as individuals or institutions including the state. Individuals can thus be `held responsible' for how their (lack of) actions affect others in a broad sense. We define responsibility as one's self-limiting and self-assumed obligation towards others to be aware of how one's actions have consequences for others \textendash{} consequences which one is obliged to factor in when deciding upon an action. In this sense, we build on the work of Young ([2006]. Responsibility and Global Justice \textendash{} a social connection model. Social Philosophy and Policy, 23 (1), 102\textendash 130.). Failure to factor in the consequences of one's actions on others trying to avoid damage to others, even more than seeking others' benefit, is a failure to behave responsibly. We discuss what this entails for the discussion about a professional code of conduct for economists. A code of conduct (rather than a law), i.e. a set of agreed upon rules to guide preferred behaviours of economists about what it means to act responsibly, will only prescribe to the extent that economists choose to have it affect their behaviour.},
  keywords = {economics,economists,Responsibility},
  file = {C:\Users\Jan Voßwinkel\Zotero\storage\JXV56UED\Negru und Dolfsma - 2022 - Towards a concept of responsibility for economics.pdf}
}

@incollection{neuhaeuserUnternehmensverantwortung2017,
  title = {{Unternehmensverantwortung}},
  booktitle = {{Handbuch Verantwortung}},
  author = {Neuh{\"a}user, Christian},
  editor = {Heidbrink, Ludger and Langbehn, Claus and Loh, Janina},
  year = {2017},
  series = {{Springer Reference Sozialwissenschaften}},
  pages = {765--788},
  publisher = {{Springer Fachmedien}},
  address = {{Wiesbaden}},
  doi = {10.1007/978-3-658-06110-4_42},
  urldate = {2022-09-21},
  abstract = {In der \"Offentlichkeit wird das Thema der Unternehmensverantwortung vor allem unter dem Stichwort Corporate Social Responsibility (CSR) diskutiert. Auch die wissenschaftliche CSR-Debatte bewegt sich haupts\"achlich im sozialwissenschaftlichen Feld der deskriptiven Ethik. Dasselbe gilt f\"ur verwandte Begriffe wie Corporate Citizenship, Corporate Social Performance und Stakeholder-Theorie. In diesem Artikel werden diese Modelle der Unternehmensverantwortung dargestellt und kritisiert sowie explizit auf ihren normativen Gehalt hin untersucht. Dabei zeigt sich, dass Unternehmensverantwortung als Begriff der angewandten Ethik philosophische und sozialwissenschaftliche Ans\"atze bzw. Erkenntnisse zusammenf\"uhrt. Vor diesem Hintergrund werden dann mit der \"okonomischen Ethik, der integrativen Wirtschaftsethik und der Governanceethik drei dominante wirtschaftsethische Modelle als m\"ogliche normative Hintergrundtheorien f\"ur die Unternehmensethik diskutiert. Dabei kommen auch die Grenzen der Unternehmensverantwortung zur Sprache. Abschlie\ss end wird noch diskutiert, wer eigentlich die Akteure der Unternehmensverantwortung sind, wobei die Frage im Vordergrund steht, ob nur individuelle Menschen oder auch die Unternehmen selbst als verantwortungsf\"ahige Akteure verstanden werden k\"onnen.},
  isbn = {978-3-658-06110-4},
  langid = {ngerman},
  keywords = {Corporate Citizenship,Corporate Social Performance und Stakeholder-Theorie,Corporate Social Responsibility,Integrative Wirtschaftsethik und Governanceethik,Korporative Akteure,\"Okonomische Ethik},
  file = {C:\Users\Jan Voßwinkel\Zotero\storage\YSBZU83F\Neuhäuser - 2017 - Unternehmensverantwortung.pdf}
}

@incollection{nida-ruemelinSozialeUndPolitische2017,
  title = {{Soziale und politische Verantwortung}},
  booktitle = {{Handbuch Verantwortung}},
  author = {{Nida-R{\"u}melin}, Julian and Bratu, Christine},
  editor = {Heidbrink, Ludger and Langbehn, Claus and Loh, Janina},
  year = {2017},
  series = {{Springer Reference Sozialwissenschaften}},
  pages = {585--606},
  publisher = {{Springer Fachmedien}},
  address = {{Wiesbaden}},
  doi = {10.1007/978-3-658-06110-4_29},
  urldate = {2022-09-21},
  abstract = {In diesem Beitrag diskutieren wir Probleme der Verantwortungszuschreibung in politischen und sozialen Fragen. Allerdings l\"asst sich nicht von vornherein festlegen, welche Fragen als politische oder soziale anzusehen sind; dies h\"angt von der normativen Hintergrundtheorie ab, die man anlegt (1). Da sich also kein unumstrittener Bereich politischer und sozialer Verantwortung identifizieren l\"asst, diskutieren wir die folgenden kleinteiligeren Fragen: Wer ist daf\"ur verantwortlich, ein politisches Gemeinweisen zu schaffen bzw. zu erhalten (2)? Welche sozialen Aufgaben geh\"oren in den Verantwortungsbereich eines politischen Gemeinwesens (3)? Und wer ist innerhalb eines politischen Gemeinwesens verantwortlich f\"ur konkrete politische Handlungen wie Wahlentscheidungen, die Beschl\"usse von politischen Institutionen oder die Handlungen der gesamten B\"urgerschaft (4)?},
  isbn = {978-3-658-06110-4},
  langid = {ngerman},
  keywords = {Gemeinsames Handeln,Kollektivistische vs. individualistische Verantwortung,Kooperative Verantwortung},
  file = {C:\Users\Jan Voßwinkel\Zotero\storage\ND78PRGP\Nida-Rümelin und Bratu - 2017 - Soziale und politische Verantwortung.pdf}
}

@article{Olson96,
  title = {Big Bills Left on the Sidewalk: {{Why}} Some Nations Are Rich, and Others Poor},
  author = {Olson, Mancur Jr.},
  year = {1996},
  journal = {Jounal of Economic Perspectives},
  volume = {10},
  pages = {3--24}
}

@incollection{rauenEthischeVerantwortung2017,
  title = {{Ethische Verantwortung}},
  booktitle = {{Handbuch Verantwortung}},
  author = {Rauen, Verena},
  editor = {Heidbrink, Ludger and Langbehn, Claus and Loh, Janina},
  year = {2017},
  series = {{Springer Reference Sozialwissenschaften}},
  pages = {545--557},
  publisher = {{Springer Fachmedien}},
  address = {{Wiesbaden}},
  doi = {10.1007/978-3-658-06110-4_28},
  urldate = {2022-09-21},
  abstract = {Der Begriff der ethischen Verantwortung bezieht sich auf die Verantwortung des Individuums gegen\"uber dem Anderen, da sich ethische Verantwortung in der Interaktion des Individuums mit Anderen entfaltet, w\"ahrend die davon zu unterscheidende moralische Verantwortung sich auf konkrete moralische Normen bezieht, die in den Anwendungsgebieten der Ethik (z.\,B. Umweltethik, Wirtschaftsethik) auf unterschiedliche Objekte angewendet werden k\"onnen.},
  isbn = {978-3-658-06110-4},
  langid = {ngerman},
  keywords = {Der Andere,Der Dritte,Ethische Verantwortung,Exteriorit\"at,Freiheit,Fremdverantwortung,Individualverantwortung,Kollektivverantwortung,Rechenschaft,Selbstverantwortung,Systemverantwortung,Ungewissheit},
  file = {C:\Users\Jan Voßwinkel\Zotero\storage\ZUENBZVI\Rauen - 2017 - Ethische Verantwortung.pdf}
}

@misc{roserGlobalEconomicInequality2013,
  title = {Global {{Economic Inequality}}},
  author = {Roser, Max},
  year = {2013},
  month = nov,
  journal = {Our World in Data},
  urldate = {2022-09-23},
  abstract = {Living conditions around the world are vastly unequal and economic differences are a major reason for this. How is this distribution changing?},
  file = {C:\Users\Jan Voßwinkel\Zotero\storage\JSE4DS5S\global-economic-inequality.html}
}

@book{scanlonWhatWeOwe2000,
  title = {What {{We Owe}} to {{Each Other}}},
  author = {Scanlon, Thomas},
  year = {2000},
  publisher = {{Harvard University Press}},
  abstract = {How do we judge whether an action is morally right or wrong? If an action is wrong, what reason does that give us not to do it? Why should we give such reasons priority over our other concerns and values? In this book, T. M. Scanlon offers new answers to these questions, as they apply to the central part of morality that concerns what we owe to each other. According to his contractualist view, thinking about right and wrong is thinking about what we do in terms that could be justified to others and that they could not reasonably reject. He shows how the special authority of conclusions about right and wrong arises from the value of being related to others in this way, and he shows how familiar moral ideas such as fairness and responsibility can be understood through their role in this process of mutual justification and criticism. Scanlon bases his contractualism on a broader account of reasons, value, and individual well-being that challenges standard views about these crucial notions. He argues that desires do not provide us with reasons, that states of affairs are not the primary bearers of value, and that well-being is not as important for rational decision-making as it is commonly held to be. Scanlon is a pluralist about both moral and non-moral values. He argues that, taking this plurality of values into account, contractualism allows for most of the variability in moral requirements that relativists have claimed, while still accounting for the full force of our judgments of right and wrong.},
  googlebooks = {9OPsDwAAQBAJ},
  isbn = {978-0-674-00423-8},
  langid = {english},
  keywords = {Philosophy / Ethics \& Moral Philosophy},
  file = {C:\Users\Jan Voßwinkel\Zotero\storage\KAKZ7B8Y\Scanlon - 2000 - What We Owe to Each Other.pdf}
}

@incollection{schuppertVerantwortungUndGovernancestrukturen2017,
  title = {{Verantwortung und Governancestrukturen}},
  booktitle = {{Handbuch Verantwortung}},
  author = {Schuppert, Gunnar Folke},
  editor = {Heidbrink, Ludger and Langbehn, Claus and Loh, Janina},
  year = {2017},
  series = {{Springer Reference Sozialwissenschaften}},
  pages = {789--805},
  publisher = {{Springer Fachmedien}},
  address = {{Wiesbaden}},
  doi = {10.1007/978-3-658-06110-4_38},
  urldate = {2022-09-21},
  abstract = {In diesem Beitrag geht es nicht allgemein um das Verh\"altnis von Governance und Verantwortung, sondern um Governancestrukturen und Governanceregime von Verantwortung als Bausteine der Verantwortungsarchitektur des modernen Verwaltungsstaates. Ein prominenter Platz geb\"uhrt insoweit dem anvertrauten \"offentlichen Amt als einem Kristallisationspunkt institutionalisierter Verantwortung. Diskutiert wird ferner das Konzept der Verantwortungsteilung, das das klassische und neue interplay between the state, business and civil society in institutionalisierten Verantwortungsstrukturen umzusetzen sucht, sowie das normative Konzept von Good Governance, das der Verantwortlichkeit des Regierungs- und Verantwortungshandelns einen hohen Stellenwert einr\"aumt.},
  isbn = {978-3-658-06110-4},
  langid = {ngerman},
  keywords = {Das anvertraute \"offentliche Amt als Verantwortungsstruktur,Good Governance als accountable governance,Verantwortung als Privileg,Verantwortungsteilung durch reflexive Steuerung,{Verantwortungsteilung zwischen Staat, Kommerz und Zivilgesellschaft als Governanceregime}},
  file = {C:\Users\Jan Voßwinkel\Zotero\storage\PVFFARJR\Schuppert - 2017 - Verantwortung und Governancestrukturen.pdf}
}

@article{vanbergMoralUndWirtschaftsordnung2011,
  title = {{Moral und Wirtschaftsordnung: Zu den ethischen Grundlagen einer freien Gesellschaft / Morality and Economic Order: On the Ethical Foundations of a Free Society}},
  shorttitle = {{Moral und Wirtschaftsordnung}},
  author = {Vanberg, Viktor},
  year = {2011},
  month = jan,
  journal = {ORDO},
  volume = {62},
  number = {1},
  pages = {469--490},
  publisher = {{De Gruyter Oldenbourg}},
  issn = {2366-0481},
  doi = {10.1515/ordo-2011-0121},
  urldate = {2022-09-24},
  abstract = {The essay discusses from a constitutional economics perspective the issue of what ethical requirements can be properly applied to the economic order in a free society and how, in light of these requirements, the ethical quality of the market economy is to be judged.},
  langid = {ngerman},
  file = {C:\Users\Jan Voßwinkel\Zotero\storage\57FW2SDG\Vanberg - 2011 - Moral und Wirtschaftsordnung Zu den ethischen Gru.pdf}
}

@book{weimannWirtschaftspolitik2006,
  title = {{Wirtschaftspolitik}},
  author = {Weimann, Joachim},
  year = {2006},
  series = {{Springer-Lehrbuch}},
  publisher = {{Springer}},
  address = {{Berlin, Heidelberg}},
  doi = {10.1007/3-540-28857-0},
  urldate = {2023-11-06},
  isbn = {978-3-540-28856-5 978-3-540-28857-2},
  langid = {ngerman},
  keywords = {Allokationstheorie,angewandte Spieltheorie,Experimentelle Methoden,experimentelle Wirtschaftsforschung,kollektive Entscheidung,Kollektive Entscheidungen,Methodische Grundlagen,Spieltheorie,Wettbewerb,Wirtschaftspolitik},
  file = {C:\Users\Jan Voßwinkel\Zotero\storage\RJ8IN7EW\Weimann - 2006 - Wirtschaftspolitik.pdf}
}

@incollection{whiteVerantwortungGerechtigkeitUnd2017,
  title = {{Verantwortung, Gerechtigkeit und Solidarit\"at}},
  booktitle = {{Handbuch Verantwortung}},
  author = {White, Stephen J.},
  editor = {Heidbrink, Ludger and Langbehn, Claus and Loh, Janina},
  year = {2017},
  series = {{Springer Reference Sozialwissenschaften}},
  pages = {395--415},
  publisher = {{Springer Fachmedien}},
  address = {{Wiesbaden}},
  doi = {10.1007/978-3-658-06110-4_18},
  urldate = {2022-09-21},
  abstract = {Dieser Beitrag untersucht erstens den Stellenwert des Konzepts pers\"onlicher Verantwortung in verschiedenen Theorien der Verteilungsgerechtigkeit und zweitens die Beziehung zwischen dem Gedanken der pers\"onlichen Verantwortung und dem der Solidarit\"at im Rahmen einer Gerechtigkeitskonzeption. Dabei wird der Gl\"ucksegalitarismus als stellvertretender Versuch er\"ortert, die Theorie der Verteilungsgerechtigkeit als Funktion einer eigenst\"andigen Konzeption pers\"onlicher Verantwortung zu fassen. Im Anschluss an eine Kl\"arung der Struktur des gl\"ucksegalitaristischen Ansatzes wird die M\"oglichkeit einer Konzeption pers\"onlicher Folgenverantwortung, die nicht ihrerseits schon eine Theorie der Gerechtigkeit voraussetzt, in Frage gestellt. Dem folgt eine Gegen\"uberstellung der strukturellen Rollen von pers\"onlicher Verantwortung im Gl\"ucksegalitarismus und in Rawls' Theorie der Gerechtigkeit. Abschlie\ss end wird gezeigt, wie diese verschiedenen strukturellen Rollen wiederum sehr unterschiedliche Auffassungen des Verh\"altnisses der Ideale von pers\"onlicher Verantwortung und Solidarit\"at begr\"unden.},
  isbn = {978-3-658-06110-4},
  langid = {ngerman},
  keywords = {Gemeinschaft,Gl\"ucks-/Zufallsegalitarismus,Liberalismus,Pers\"onliche Verantwortung,Rawls,Verteilungsgerechtigkeit},
  file = {C:\Users\Jan Voßwinkel\Zotero\storage\AMXIIDMB\White - 2017 - Verantwortung, Gerechtigkeit und Solidarität.pdf}
}

@incollection{wilhelmsSystemverantwortung2017,
  title = {{Systemverantwortung}},
  booktitle = {{Handbuch Verantwortung}},
  author = {Wilhelms, G{\"u}nter},
  editor = {Heidbrink, Ludger and Langbehn, Claus and Loh, Janina},
  year = {2017},
  series = {{Springer Reference Sozialwissenschaften}},
  pages = {501--524},
  publisher = {{Springer Fachmedien}},
  address = {{Wiesbaden}},
  doi = {10.1007/978-3-658-06110-4_26},
  urldate = {2022-09-21},
  abstract = {Je komplexer und risikoreicher die gesellschaftlichen Bedingungen im Zuge der Neuzeit geworden sind, desto dr\"angender und problematischer wird die Frage nach der Verantwortung des Menschen. Die persongebundene Verantwortung verliert sichtlich an Bedeutung und Legitimationskraft und bedarf der Erg\"anzung durch eine Regelverantwortung, die sich auf Strukturen und auf subjektlose, anonyme Prozesse beziehen l\"asst. Der Begriff ,,Systemverantwortung`` kann dabei helfen, die handelnden Personen \"uber solche Prozesse aufzukl\"aren und entsprechende Gestaltungsoptionen zu entwerfen.},
  isbn = {978-3-658-06110-4},
  langid = {ngerman},
  keywords = {Freiheit,Moderne Gesellschaft,Sozialethik,Struktur,Subjekt,System},
  file = {C:\Users\Jan Voßwinkel\Zotero\storage\DB9AGBAP\Wilhelms - 2017 - Systemverantwortung.pdf}
}
